1CClientBankExchange
ВерсияФормата=1.01
Кодировка=Windows
Отправитель=Интернет-клиент для ЮЛ
Получатель=1С:Бухгалтерия
ДатаСоздания=13.01.2011
ВремяСоздания=14:21:42
ДатаНачала=13.01.2010
ДатаКонца=13.01.2011
РасчСчет=40802810740000040746
СекцияРасчСчет
ДатаНачала=13.01.2010
ДатаКонца=13.01.2011
РасчСчет=40802810740000040746
НачальныйОстаток=0.00
ВсегоПоступило=100000.00
ВсегоСписано=83501.78
КонечныйОстаток=16498.22
КонецРасчСчет
СекцияДокумент=Платежное поручение
Дата=24.11.2010
Номер=828
Сумма=100.00
ПлательщикСчет=40201810700000000041
ДатаПоступило=24.11.2010
Плательщик=ИНН 6449029817/644901001 УФК по Саратовской области (ГУ ЦЗН г. Энгельса)
Плательщик1=УФК по Саратовской области (ГУ ЦЗН г. Энгельса)
Плательщик2=40201810700000000041
Плательщик3=ГРКЦ ГУ БАНКА РОССИИ ПО САРАТОВСКОЙ ОБЛ.
Плательщик4= 
ПлательщикРасчСчет=40201810700000000041
ПлательщикБанк1=ГРКЦ ГУ БАНКА РОССИИ ПО САРАТОВСКОЙ ОБЛ.
ПлательщикБанк2= 
ПлательщикБИК=046311001
ПлательщикИНН=6449029817
ПлательщикКПП=644901001
ПолучательСчет=40802810740000040746
Получатель=ИНН 644914186741/0 Индивидуальный предприниматель Иванов Иван Иванович
ПолучательИНН=644914186741
ПолучательКПП=0
Получатель1=Индивидуальный предприниматель Иванов Иван Иванович
Получатель2=40802810740000040746
Получатель3=Ф. ЗАО АКБ"ЭКСПРЕСС-ВОЛГА" В Г.ЭНГЕЛЬС
Получатель4=Г. ЭНГЕЛЬС
ПолучательРасчСчет=40802810740000040746
ПолучательБанк1=Ф. ЗАО АКБ"ЭКСПРЕСС-ВОЛГА" В Г.ЭНГЕЛЬС
ПолучательБанк2=Г. ЭНГЕЛЬС
ПолучательБИК=046375825
ПолучательКорсчет=30101810300000000825
НазначениеПлатежа=(038 0401 5100304 006 242 03602895980 175) Возмещ.затр.работодателям на оснащ.спец.раб.места для труд-ва инвалида.Пост.688-П от30.12.09г.Д.1от19.11.10г.НДС нет.
ВидПлатежа=РКЦ
ВидОплаты=01
Очередность=6
КонецДокумента
СекцияДокумент=Платежное поручение
Дата=25.11.2010
Номер=1134
Сумма=100.00
ПлательщикСчет=40802810740000000001
ДатаСписано=25.11.2010
Плательщик=ИНН 644914186741/0 ИП Иванов И. И..
Плательщик1=ИП Иванов И. И..
Плательщик2=40802810740000040746
Плательщик3=Ф. ЗАО АКБ"ЭКСПРЕСС-ВОЛГА" В Г.ЭНГЕЛЬС
Плательщик4=Г. ЭНГЕЛЬС
ПлательщикРасчСчет=40802810740000040746
ПлательщикБанк1=Ф. ЗАО АКБ"ЭКСПРЕСС-ВОЛГА" В Г.ЭНГЕЛЬС
ПлательщикБанк2=Г. ЭНГЕЛЬС
ПлательщикБИК=046375825
ПлательщикИНН=644914186741
ПлательщикКПП=0
ПлательщикКорсчет=30101810300000000825
ПолучательСчет=60309810504000000007
Получатель=ИНН 6454027396/644902001  Налог на добавленную стоимость, полученный
ПолучательИНН=6454027396
ПолучательКПП=644902001
Получатель1= Налог на добавленную стоимость, полученный
Получатель2=60309810504000000007
Получатель3=Ф. ЗАО АКБ"ЭКСПРЕСС-ВОЛГА" В Г.ЭНГЕЛЬС
Получатель4=Г. ЭНГЕЛЬС
ПолучательРасчСчет=60309810504000000007
ПолучательБанк1=Ф. ЗАО АКБ"ЭКСПРЕСС-ВОЛГА" В Г.ЭНГЕЛЬС
ПолучательБанк2=Г. ЭНГЕЛЬС
ПолучательБИК=046375825
ПолучательКорсчет=30101810300000000825
НазначениеПлатежа=НДС комиссии Заверение копий документов клиента уполномоченным сотрудником ЗАО АКБ "ЭКСПРЕСС-ВОЛГА" - свидетельств*
ВидПлатежа=РКЦ
ВидОплаты=17
СрокПлатежа=25.11.2010
Очередность=6
КонецДокумента
СекцияДокумент=Платежное поручение
Дата=25.11.2010
Номер=1132
Сумма=100.00
ПлательщикСчет=40802810740000000001
ДатаСписано=25.11.2010
Плательщик=ИНН 644914186741/0 ИП Иванов И. И..
Плательщик1=ИП Иванов И. И..
Плательщик2=40802810740000040746
Плательщик3=Ф. ЗАО АКБ"ЭКСПРЕСС-ВОЛГА" В Г.ЭНГЕЛЬС
Плательщик4=Г. ЭНГЕЛЬС
ПлательщикРасчСчет=40802810740000040746
ПлательщикБанк1=Ф. ЗАО АКБ"ЭКСПРЕСС-ВОЛГА" В Г.ЭНГЕЛЬС
ПлательщикБанк2=Г. ЭНГЕЛЬС
ПлательщикБИК=046375825
ПлательщикИНН=644914186741
ПлательщикКПП=0
ПлательщикКорсчет=30101810300000000825
ПолучательСчет=60309810504000000007
Получатель=ИНН 6454027396/644902001  Налог на добавленную стоимость, полученный
ПолучательИНН=6454027396
ПолучательКПП=644902001
Получатель1= Налог на добавленную стоимость, полученный
Получатель2=60309810504000000007
Получатель3=Ф. ЗАО АКБ"ЭКСПРЕСС-ВОЛГА" В Г.ЭНГЕЛЬС
Получатель4=Г. ЭНГЕЛЬС
ПолучательРасчСчет=60309810504000000007
ПолучательБанк1=Ф. ЗАО АКБ"ЭКСПРЕСС-ВОЛГА" В Г.ЭНГЕЛЬС
ПолучательБанк2=Г. ЭНГЕЛЬС
ПолучательБИК=046375825
ПолучательКорсчет=30101810300000000825
НазначениеПлатежа=НДС комиссии Заверение подписи в Карточке с образцами подписей и оттиска печати уполномоченным сотрудником Банка (за 1 подпись).
ВидПлатежа=РКЦ
ВидОплаты=17
СрокПлатежа=25.11.2010
Очередность=6
КонецДокумента
СекцияДокумент=Платежное поручение
Дата=25.11.2010
Номер=1133
Сумма=100.00
ПлательщикСчет=40802810740000000001
ДатаСписано=25.11.2010
Плательщик=ИНН 644914186741/0 ИП Иванов И. И..
Плательщик1=ИП Иванов И. И..
Плательщик2=40802810740000040746
Плательщик3=Ф. ЗАО АКБ"ЭКСПРЕСС-ВОЛГА" В Г.ЭНГЕЛЬС
Плательщик4=Г. ЭНГЕЛЬС
ПлательщикРасчСчет=40802810740000040746
ПлательщикБанк1=Ф. ЗАО АКБ"ЭКСПРЕСС-ВОЛГА" В Г.ЭНГЕЛЬС
ПлательщикБанк2=Г. ЭНГЕЛЬС
ПлательщикБИК=046375825
ПлательщикИНН=644914186741
ПлательщикКПП=0
ПлательщикКорсчет=30101810300000000825
ПолучательСчет=70601810900006203019
Получатель=ИНН 6454027396/644902001 Комиссия за оформление п/поручений, заверение документов сотрудниками банка
ПолучательИНН=6454027396
ПолучательКПП=644902001
Получатель1=Комиссия за оформление п/поручений, заверение документов сотрудниками банка
Получатель2=70601810900006203019
Получатель3=Ф. ЗАО АКБ"ЭКСПРЕСС-ВОЛГА" В Г.ЭНГЕЛЬС
Получатель4=Г. ЭНГЕЛЬС
ПолучательРасчСчет=70601810900006203019
ПолучательБанк1=Ф. ЗАО АКБ"ЭКСПРЕСС-ВОЛГА" В Г.ЭНГЕЛЬС
ПолучательБанк2=Г. ЭНГЕЛЬС
ПолучательБИК=046375825
ПолучательКорсчет=30101810300000000825
НазначениеПлатежа=Комиссия Заверение копий документов клиента уполномоченным сотрудником ЗАО АКБ "ЭКСПРЕСС-ВОЛГА" - свидетельств*
ВидПлатежа=РКЦ
ВидОплаты=17
СрокПлатежа=25.11.2010
Очередность=6
КонецДокумента
СекцияДокумент=Платежное поручение
Дата=25.11.2010
Номер=1131
Сумма=100.00
ПлательщикСчет=40802810740000000001
ДатаСписано=25.11.2010
Плательщик=ИНН 644914186741/0 ИП Иванов И. И..
Плательщик1=ИП Иванов И. И..
Плательщик2=40802810740000040746
Плательщик3=Ф. ЗАО АКБ"ЭКСПРЕСС-ВОЛГА" В Г.ЭНГЕЛЬС
Плательщик4=Г. ЭНГЕЛЬС
ПлательщикРасчСчет=40802810740000040746
ПлательщикБанк1=Ф. ЗАО АКБ"ЭКСПРЕСС-ВОЛГА" В Г.ЭНГЕЛЬС
ПлательщикБанк2=Г. ЭНГЕЛЬС
ПлательщикБИК=046375825
ПлательщикИНН=644914186741
ПлательщикКПП=0
ПлательщикКорсчет=30101810300000000825
ПолучательСчет=70601810900006203019
Получатель=ИНН 6454027396/644902001 Комиссия за оформление п/поручений, заверение документов сотрудниками банка
ПолучательИНН=6454027396
ПолучательКПП=644902001
Получатель1=Комиссия за оформление п/поручений, заверение документов сотрудниками банка
Получатель2=70601810900006203019
Получатель3=Ф. ЗАО АКБ"ЭКСПРЕСС-ВОЛГА" В Г.ЭНГЕЛЬС
Получатель4=Г. ЭНГЕЛЬС
ПолучательРасчСчет=70601810900006203019
ПолучательБанк1=Ф. ЗАО АКБ"ЭКСПРЕСС-ВОЛГА" В Г.ЭНГЕЛЬС
ПолучательБанк2=Г. ЭНГЕЛЬС
ПолучательБИК=046375825
ПолучательКорсчет=30101810300000000825
НазначениеПлатежа=Комиссия Заверение подписи в Карточке с образцами подписей и оттиска печати уполномоченным сотрудником Банка (за 1 подпись).
ВидПлатежа=РКЦ
ВидОплаты=17
СрокПлатежа=25.11.2010
Очередность=6
КонецДокумента
СекцияДокумент=Платежное поручение
Дата=25.11.2010
Номер=1130
Сумма=100.00
ПлательщикСчет=40802810740000000001
ДатаСписано=25.11.2010
Плательщик=ИНН 644914186741/0 ИП Иванов И. И..
Плательщик1=ИП Иванов И. И..
Плательщик2=40802810740000040746
Плательщик3=Ф. ЗАО АКБ"ЭКСПРЕСС-ВОЛГА" В Г.ЭНГЕЛЬС
Плательщик4=Г. ЭНГЕЛЬС
ПлательщикРасчСчет=40802810740000040746
ПлательщикБанк1=Ф. ЗАО АКБ"ЭКСПРЕСС-ВОЛГА" В Г.ЭНГЕЛЬС
ПлательщикБанк2=Г. ЭНГЕЛЬС
ПлательщикБИК=046375825
ПлательщикИНН=644914186741
ПлательщикКПП=0
ПлательщикКорсчет=30101810300000000825
ПолучательСчет=70601810700002101001
Получатель=ИНН 6454027396/644902001 Комиссия за открытие и ведение счета
ПолучательИНН=6454027396
ПолучательКПП=644902001
Получатель1=Комиссия за открытие и ведение счета
Получатель2=70601810700002101001
Получатель3=Ф. ЗАО АКБ"ЭКСПРЕСС-ВОЛГА" В Г.ЭНГЕЛЬС
Получатель4=Г. ЭНГЕЛЬС
ПолучательРасчСчет=70601810700002101001
ПолучательБанк1=Ф. ЗАО АКБ"ЭКСПРЕСС-ВОЛГА" В Г.ЭНГЕЛЬС
ПолучательБанк2=Г. ЭНГЕЛЬС
ПолучательБИК=046375825
ПолучательКорсчет=30101810300000000825
НазначениеПлатежа=Комиссия Оформление документов по открытию счетов
ВидПлатежа=РКЦ
ВидОплаты=17
СрокПлатежа=25.11.2010
Очередность=6
КонецДокумента
СекцияДокумент=Платежное поручение
Дата=25.11.2010
Номер=855
Сумма=100.00
ПлательщикСчет=40802810740000000001
ДатаСписано=25.11.2010
Плательщик=ИНН 644914186741/0 ИП Иванов И. И..
Плательщик1=ИП Иванов И. И..
Плательщик2=40802810740000040746
Плательщик3=Ф. ЗАО АКБ"ЭКСПРЕСС-ВОЛГА" В Г.ЭНГЕЛЬС
Плательщик4=Г. ЭНГЕЛЬС
ПлательщикРасчСчет=40802810740000040746
ПлательщикБанк1=Ф. ЗАО АКБ"ЭКСПРЕСС-ВОЛГА" В Г.ЭНГЕЛЬС
ПлательщикБанк2=Г. ЭНГЕЛЬС
ПлательщикБИК=046375825
ПлательщикИНН=644914186741
ПлательщикКПП=0
ПлательщикКорсчет=30101810300000000825
ПолучательСчет=70601810700002101001
Получатель=ИНН 6454027396/644902001 Комиссия за открытие и ведение счета
ПолучательИНН=6454027396
ПолучательКПП=644902001
Получатель1=Комиссия за открытие и ведение счета
Получатель2=70601810700002101001
Получатель3=Ф. ЗАО АКБ"ЭКСПРЕСС-ВОЛГА" В Г.ЭНГЕЛЬС
Получатель4=Г. ЭНГЕЛЬС
ПолучательРасчСчет=70601810700002101001
ПолучательБанк1=Ф. ЗАО АКБ"ЭКСПРЕСС-ВОЛГА" В Г.ЭНГЕЛЬС
ПолучательБанк2=Г. ЭНГЕЛЬС
ПолучательБИК=046375825
ПолучательКорсчет=30101810300000000825
НазначениеПлатежа=Комиссия за ведение счетов за Ноябрь 2010г. НДС не облагается.
ВидПлатежа=РКЦ
ВидОплаты=17
СрокПлатежа=25.11.2010
Очередность=6
КонецДокумента
СекцияДокумент=Платежное поручение
Дата=29.11.2010
Номер=460
Сумма=100.00
ПлательщикСчет=40802810740000000001
ДатаСписано=29.11.2010
Плательщик=ИНН 644914186741/0 ИП Иванов И. И..
Плательщик1=ИП Иванов И. И..
Плательщик2=40802810740000040746
Плательщик3=Ф. ЗАО АКБ"ЭКСПРЕСС-ВОЛГА" В Г.ЭНГЕЛЬС
Плательщик4=Г. ЭНГЕЛЬС
ПлательщикРасчСчет=40802810740000040746
ПлательщикБанк1=Ф. ЗАО АКБ"ЭКСПРЕСС-ВОЛГА" В Г.ЭНГЕЛЬС
ПлательщикБанк2=Г. ЭНГЕЛЬС
ПлательщикБИК=046375825
ПлательщикИНН=644914186741
ПлательщикКПП=0
ПлательщикКорсчет=30101810300000000825
ПолучательСчет=70601810300002102002
Получатель=ИНН 6454027396/644902001 Комиссия,полученная за проведение операций по безналичным расчетам
ПолучательИНН=6454027396
ПолучательКПП=644902001
Получатель1=Комиссия,полученная за проведение операций по безналичным расчетам
Получатель2=70601810300002102002
Получатель3=Ф. ЗАО АКБ"ЭКСПРЕСС-ВОЛГА" В Г.ЭНГЕЛЬС
Получатель4=Г. ЭНГЕЛЬС
ПолучательРасчСчет=70601810300002102002
ПолучательБанк1=Ф. ЗАО АКБ"ЭКСПРЕСС-ВОЛГА" В Г.ЭНГЕЛЬС
ПолучательБанк2=Г. ЭНГЕЛЬС
ПолучательБИК=046375825
ПолучательКорсчет=30101810300000000825
НазначениеПлатежа=Комиссия за внеш.платеж 29.11.2010г.(1 п/п на сумму 5036.00)
ВидПлатежа=РКЦ
ВидОплаты=17
СрокПлатежа=29.11.2010
Очередность=0
КонецДокумента
СекцияДокумент=Платежное поручение
Дата=29.11.2010
Номер=1
Сумма=100.00
ПлательщикСчет=40802810740000000001
ДатаСписано=29.11.2010
Плательщик=ИНН 644914186741/0 ИП Иванов И. И..
Плательщик1=ИП Иванов И. И..
Плательщик2=40802810740000040746
Плательщик3=Ф. ЗАО АКБ"ЭКСПРЕСС-ВОЛГА" В Г.ЭНГЕЛЬС
Плательщик4=Г. ЭНГЕЛЬС
ПлательщикРасчСчет=40802810740000040746
ПлательщикБанк1=Ф. ЗАО АКБ"ЭКСПРЕСС-ВОЛГА" В Г.ЭНГЕЛЬС
ПлательщикБанк2=Г. ЭНГЕЛЬС
ПлательщикБИК=046375825
ПлательщикИНН=644914186741
ПлательщикКПП=0
ПлательщикКорсчет=30101810300000000825
ПолучательСчет=40702810500000010080
Получатель=ИНН 6452080972/645001001 ООО "Телекоммуникационная компания "Диалог" 
ПолучательИНН=6452080972
ПолучательКПП=645001001
Получатель1=ООО "Телекоммуникационная компания "Диалог" 
Получатель2=40702810500000010080
Получатель3=ЗАО АКБ "ЭКСПРЕСС-ВОЛГА"
Получатель4= 
ПолучательРасчСчет=40702810500000010080
ПолучательБанк1=ЗАО АКБ "ЭКСПРЕСС-ВОЛГА"
ПолучательБанк2= 
ПолучательБИК=046311808
ПолучательКорсчет=30101810600000000808
НазначениеПлатежа=Оплата за Выделение Дополнительного абонентского номера по счету 14612 от 26 ноября 2010 г, включая НДС 18% - 540=
ВидПлатежа=РКЦ
ВидОплаты=01
Очередность=6
КонецДокумента
СекцияДокумент=Платежное поручение
Дата=29.11.2010
Номер=3
Сумма=100.00
ПлательщикСчет=40802810740000000001
ДатаСписано=29.11.2010
Плательщик=ИНН 644914186741/0 ИП Иванов И. И..
Плательщик1=ИП Иванов И. И..
Плательщик2=40802810740000040746
Плательщик3=Ф. ЗАО АКБ"ЭКСПРЕСС-ВОЛГА" В Г.ЭНГЕЛЬС
Плательщик4=Г. ЭНГЕЛЬС
ПлательщикРасчСчет=40802810740000040746
ПлательщикБанк1=Ф. ЗАО АКБ"ЭКСПРЕСС-ВОЛГА" В Г.ЭНГЕЛЬС
ПлательщикБанк2=Г. ЭНГЕЛЬС
ПлательщикБИК=046375825
ПлательщикИНН=644914186741
ПлательщикКПП=0
ПлательщикКорсчет=30101810300000000825
ПолучательСчет=40702810700640011602
Получатель=ИНН 6453005030/645401001 ЗАО "Фирма АТТО"
ПолучательИНН=6453005030
ПолучательКПП=645401001
Получатель1=ЗАО "Фирма АТТО"
Получатель2=40702810700640011602
Получатель3=ФИЛИАЛ "САРАТОВСКИЙ" ОАО БАНК "ОТКРЫТИЕ"
Получатель4= 
ПолучательРасчСчет=40702810700640011602
ПолучательБанк1=ФИЛИАЛ "САРАТОВСКИЙ" ОАО БАНК "ОТКРЫТИЕ"
ПолучательБанк2= 
ПолучательБИК=046311854
ПолучательКорсчет=30101810900000000854
НазначениеПлатежа=Оплата за телефон и адаптер питания по сч Счт-94508 от 19.11.10 г., включая НДС 18% - 768-20
ВидПлатежа=РКЦ
ВидОплаты=01
Очередность=6
КонецДокумента
СекцияДокумент=Платежное поручение
Дата=30.11.2010
Номер=374
Сумма=100.00
ПлательщикСчет=40802810740000000001
ДатаСписано=30.11.2010
Плательщик=ИНН 644914186741/0 ИП Иванов И. И..
Плательщик1=ИП Иванов И. И..
Плательщик2=40802810740000040746
Плательщик3=Ф. ЗАО АКБ"ЭКСПРЕСС-ВОЛГА" В Г.ЭНГЕЛЬС
Плательщик4=Г. ЭНГЕЛЬС
ПлательщикРасчСчет=40802810740000040746
ПлательщикБанк1=Ф. ЗАО АКБ"ЭКСПРЕСС-ВОЛГА" В Г.ЭНГЕЛЬС
ПлательщикБанк2=Г. ЭНГЕЛЬС
ПлательщикБИК=046375825
ПлательщикИНН=644914186741
ПлательщикКПП=0
ПлательщикКорсчет=30101810300000000825
ПолучательСчет=70601810300002102002
Получатель=ИНН 6454027396/644902001 Комиссия,полученная за проведение операций по безналичным расчетам
ПолучательИНН=6454027396
ПолучательКПП=644902001
Получатель1=Комиссия,полученная за проведение операций по безналичным расчетам
Получатель2=70601810300002102002
Получатель3=Ф. ЗАО АКБ"ЭКСПРЕСС-ВОЛГА" В Г.ЭНГЕЛЬС
Получатель4=Г. ЭНГЕЛЬС
ПолучательРасчСчет=70601810300002102002
ПолучательБанк1=Ф. ЗАО АКБ"ЭКСПРЕСС-ВОЛГА" В Г.ЭНГЕЛЬС
ПолучательБанк2=Г. ЭНГЕЛЬС
ПолучательБИК=046375825
ПолучательКорсчет=30101810300000000825
НазначениеПлатежа=Комиссия за внеш.платеж 30.11.2010г.(1 п/п на сумму 50575.00)
ВидПлатежа=РКЦ
ВидОплаты=17
СрокПлатежа=30.11.2010
Очередность=0
КонецДокумента
СекцияДокумент=Платежное поручение
Дата=30.11.2010
Номер=394
Сумма=100.00
ПлательщикСчет=40802810740000000001
ДатаСписано=30.11.2010
Плательщик=ИНН 644914186741/0 ИП Иванов И. И..
Плательщик1=ИП Иванов И. И..
Плательщик2=40802810740000040746
Плательщик3=Ф. ЗАО АКБ"ЭКСПРЕСС-ВОЛГА" В Г.ЭНГЕЛЬС
Плательщик4=Г. ЭНГЕЛЬС
ПлательщикРасчСчет=40802810740000040746
ПлательщикБанк1=Ф. ЗАО АКБ"ЭКСПРЕСС-ВОЛГА" В Г.ЭНГЕЛЬС
ПлательщикБанк2=Г. ЭНГЕЛЬС
ПлательщикБИК=046375825
ПлательщикИНН=644914186741
ПлательщикКПП=0
ПлательщикКорсчет=30101810300000000825
ПолучательСчет=70601810300002102002
Получатель=ИНН 6454027396/644902001 Комиссия,полученная за проведение операций по безналичным расчетам
ПолучательИНН=6454027396
ПолучательКПП=644902001
Получатель1=Комиссия,полученная за проведение операций по безналичным расчетам
Получатель2=70601810300002102002
Получатель3=Ф. ЗАО АКБ"ЭКСПРЕСС-ВОЛГА" В Г.ЭНГЕЛЬС
Получатель4=Г. ЭНГЕЛЬС
ПолучательРасчСчет=70601810300002102002
ПолучательБанк1=Ф. ЗАО АКБ"ЭКСПРЕСС-ВОЛГА" В Г.ЭНГЕЛЬС
ПолучательБанк2=Г. ЭНГЕЛЬС
ПолучательБИК=046375825
ПолучательКорсчет=30101810300000000825
НазначениеПлатежа=Комиссия за внеш.платеж 30.11.2010г.(1 п/п на сумму 7000.00)
ВидПлатежа=РКЦ
ВидОплаты=17
СрокПлатежа=30.11.2010
Очередность=0
КонецДокумента
СекцияДокумент=Платежное поручение
Дата=30.11.2010
Номер=59
Сумма=100.00
ПлательщикСчет=40802810740000000001
ДатаСписано=30.11.2010
Плательщик=ИНН 6454027396/0 ИП Иванов И. И..
Плательщик1=ИП Иванов И. И..
Плательщик2=40802810740000040746
Плательщик3=Ф. ЗАО АКБ"ЭКСПРЕСС-ВОЛГА" В Г.ЭНГЕЛЬС
Плательщик4=Г. ЭНГЕЛЬС
ПлательщикРасчСчет=40802810740000040746
ПлательщикБанк1=Ф. ЗАО АКБ"ЭКСПРЕСС-ВОЛГА" В Г.ЭНГЕЛЬС
ПлательщикБанк2=Г. ЭНГЕЛЬС
ПлательщикБИК=046375825
ПлательщикИНН=6454027396
ПлательщикКПП=0
ПлательщикКорсчет=30101810300000000825
ПолучательСчет=70601810600002102003
Получатель=ИНН 6454027396/644902001 Комиссия по кассовым операциям
ПолучательИНН=6454027396
ПолучательКПП=644902001
Получатель1=Комиссия по кассовым операциям
Получатель2=70601810600002102003
Получатель3=Ф. ЗАО АКБ"ЭКСПРЕСС-ВОЛГА" В Г.ЭНГЕЛЬС
Получатель4=Г. ЭНГЕЛЬС
ПолучательРасчСчет=70601810600002102003
ПолучательБанк1=Ф. ЗАО АКБ"ЭКСПРЕСС-ВОЛГА" В Г.ЭНГЕЛЬС
ПолучательБанк2=Г. ЭНГЕЛЬС
ПолучательБИК=046375825
ПолучательКорсчет=30101810300000000825
НазначениеПлатежа=Комиссия - до 100 тыс.руб. (купюры)
ВидПлатежа=РКЦ
ВидОплаты=17
СрокПлатежа=30.11.2010
Очередность=6
КонецДокумента
СекцияДокумент=Платежное поручение
Дата=29.11.2010
Номер=2
Сумма=100.00
ПлательщикСчет=40802810740000000001
ДатаСписано=30.11.2010
Плательщик=ИНН 644914186741/0 ИП Иванов И. И..
Плательщик1=ИП Иванов И. И..
Плательщик2=40802810740000040746
Плательщик3=Ф. ЗАО АКБ"ЭКСПРЕСС-ВОЛГА" В Г.ЭНГЕЛЬС
Плательщик4=Г. ЭНГЕЛЬС
ПлательщикРасчСчет=40802810740000040746
ПлательщикБанк1=Ф. ЗАО АКБ"ЭКСПРЕСС-ВОЛГА" В Г.ЭНГЕЛЬС
ПлательщикБанк2=Г. ЭНГЕЛЬС
ПлательщикБИК=046375825
ПлательщикИНН=644914186741
ПлательщикКПП=0
ПлательщикКорсчет=30101810300000000825
ПолучательСчет=40702810000170000827
Получатель=ИНН 7701889831/770101001 ООО "Мое Дело"
ПолучательИНН=7701889831
ПолучательКПП=770101001
Получатель1=ООО "Мое Дело"
Получатель2=40702810000170000827
Получатель3=АКБ "ИНВЕСТТОРГБАНК" (ОАО)
Получатель4= 
ПолучательРасчСчет=40702810000170000827
ПолучательБанк1=АКБ "ИНВЕСТТОРГБАНК" (ОАО)
ПолучательБанк2= 
ПолучательБИК=044583267
ПолучательКорсчет=30101810400000000267
НазначениеПлатежа=Доступ к сервису "Мое дело" для zalessky (AT) mail.ru ИП на 12 мес., тариф "С сотрудниками" по счету 26 от 25 ноября 2010 г без НДС
ВидПлатежа=РКЦ
ВидОплаты=01
Очередность=6
КонецДокумента
СекцияДокумент=Платежное поручение
Дата=30.11.2010
Номер=4
Сумма=100.00
ПлательщикСчет=40802810740000000001
ДатаСписано=30.11.2010
Плательщик=ИНН 644914186741/0 ИП Иванов И. И..
Плательщик1=ИП Иванов И. И..
Плательщик2=40802810740000040746
Плательщик3=Ф. ЗАО АКБ"ЭКСПРЕСС-ВОЛГА" В Г.ЭНГЕЛЬС
Плательщик4=Г. ЭНГЕЛЬС
ПлательщикРасчСчет=40802810740000040746
ПлательщикБанк1=Ф. ЗАО АКБ"ЭКСПРЕСС-ВОЛГА" В Г.ЭНГЕЛЬС
ПлательщикБанк2=Г. ЭНГЕЛЬС
ПлательщикБИК=046375825
ПлательщикИНН=644914186741
ПлательщикКПП=0
ПлательщикКорсчет=30101810300000000825
ПолучательСчет=40802810460000174268
Получатель=ИНН 182808862139/0 ИП Субботин А.С.
ПолучательИНН=182808862139
ПолучательКПП=0
Получатель1=ИП Субботин А.С.
Получатель2=40802810460000174268
Получатель3=ОАО "БЫСТРОБАНК"
Получатель4= 
ПолучательРасчСчет=40802810460000174268
ПолучательБанк1=ОАО "БЫСТРОБАНК"
ПолучательБанк2= 
ПолучательБИК=049401814
ПолучательКорсчет=30101810200000000814
НазначениеПлатежа=Оплата по счету 112 от 29.11.10 г. за чехлы. Без НДС
ВидПлатежа=РКЦ
ВидОплаты=01
Очередность=6
КонецДокумента
СекцияДокумент=Платежное поручение
Дата=30.11.2010
Номер=74
Сумма=100.00
ПлательщикСчет=20202810500040000001
ДатаПоступило=30.11.2010
Плательщик=ИНН 6454027396/644902001 Касса кредитной организации Ф.ЗАО АКБ "ЭКСПРЕСС-ВОЛГА" в г. Энгельсе
Плательщик1=Касса кредитной организации Ф.ЗАО АКБ "ЭКСПРЕСС-ВОЛГА" в г. Энгельсе
Плательщик2=20202810500040000001
Плательщик3=Ф. ЗАО АКБ"ЭКСПРЕСС-ВОЛГА" В Г.ЭНГЕЛЬС
Плательщик4=Г. ЭНГЕЛЬС
ПлательщикРасчСчет=20202810500040000001
ПлательщикБанк1=Ф. ЗАО АКБ"ЭКСПРЕСС-ВОЛГА" В Г.ЭНГЕЛЬС
ПлательщикБанк2=Г. ЭНГЕЛЬС
ПлательщикБИК=046375825
ПлательщикИНН=6454027396
ПлательщикКПП=644902001
ПлательщикКорсчет=30101810300000000825
ПолучательСчет=40802810740000040746
Получатель=ИНН 644914186741/0 ИП Иванов И. И..
ПолучательИНН=644914186741
ПолучательКПП=0
Получатель1=ИП Иванов И. И..
Получатель2=40802810740000040746
Получатель3=Ф. ЗАО АКБ"ЭКСПРЕСС-ВОЛГА" В Г.ЭНГЕЛЬС
Получатель4=Г. ЭНГЕЛЬС
ПолучательРасчСчет=40802810740000040746
ПолучательБанк1=Ф. ЗАО АКБ"ЭКСПРЕСС-ВОЛГА" В Г.ЭНГЕЛЬС
ПолучательБанк2=Г. ЭНГЕЛЬС
ПолучательБИК=046375825
ПолучательКорсчет=30101810300000000825
НазначениеПлатежа=Залесской Марии Викторовны + Поступление на счет индивидуального предпринимателя собственные средства
ВидПлатежа=РКЦ
ВидОплаты=04
СрокПлатежа=30.11.2010
Очередность=0
КонецДокумента
СекцияДокумент=Платежное поручение
Дата=08.12.2010
Номер=325
Сумма=100.00
ПлательщикСчет=40802810740000000001
ДатаСписано=08.12.2010
Плательщик=ИНН 644914186741/0 ИП Иванов И. И..
Плательщик1=ИП Иванов И. И..
Плательщик2=40802810740000040746
Плательщик3=Ф. ЗАО АКБ"ЭКСПРЕСС-ВОЛГА" В Г.ЭНГЕЛЬС
Плательщик4=Г. ЭНГЕЛЬС
ПлательщикРасчСчет=40802810740000040746
ПлательщикБанк1=Ф. ЗАО АКБ"ЭКСПРЕСС-ВОЛГА" В Г.ЭНГЕЛЬС
ПлательщикБанк2=Г. ЭНГЕЛЬС
ПлательщикБИК=046375825
ПлательщикИНН=644914186741
ПлательщикКПП=0
ПлательщикКорсчет=30101810300000000825
ПолучательСчет=70601810300002102002
Получатель=ИНН 6454027396/644902001 Комиссия,полученная за проведение операций по безналичным расчетам
ПолучательИНН=6454027396
ПолучательКПП=644902001
Получатель1=Комиссия,полученная за проведение операций по безналичным расчетам
Получатель2=70601810300002102002
Получатель3=Ф. ЗАО АКБ"ЭКСПРЕСС-ВОЛГА" В Г.ЭНГЕЛЬС
Получатель4=Г. ЭНГЕЛЬС
ПолучательРасчСчет=70601810300002102002
ПолучательБанк1=Ф. ЗАО АКБ"ЭКСПРЕСС-ВОЛГА" В Г.ЭНГЕЛЬС
ПолучательБанк2=Г. ЭНГЕЛЬС
ПолучательБИК=046375825
ПолучательКорсчет=30101810300000000825
НазначениеПлатежа=Комиссия за внеш.платеж  8.12.2010г.(2 п/п на сумму 5244.00)
ВидПлатежа=РКЦ
ВидОплаты=17
СрокПлатежа=08.12.2010
Очередность=0
КонецДокумента
СекцияДокумент=Платежное поручение
Дата=07.12.2010
Номер=6
Сумма=100.00
ПлательщикСчет=40802810740000000001
ДатаСписано=08.12.2010
Плательщик=ИНН 644914186741/0 ИП Иванов И. И..
Плательщик1=ИП Иванов И. И..
Плательщик2=40802810740000040746
Плательщик3=Ф. ЗАО АКБ"ЭКСПРЕСС-ВОЛГА" В Г.ЭНГЕЛЬС
Плательщик4=Г. ЭНГЕЛЬС
ПлательщикРасчСчет=40802810740000040746
ПлательщикБанк1=Ф. ЗАО АКБ"ЭКСПРЕСС-ВОЛГА" В Г.ЭНГЕЛЬС
ПлательщикБанк2=Г. ЭНГЕЛЬС
ПлательщикБИК=046375825
ПлательщикИНН=644914186741
ПлательщикКПП=0
ПлательщикКорсчет=30101810300000000825
ПолучательСчет=40702810700640011602
Получатель=ИНН 6453005030/645401001 ЗАО "Фирма АТТО"
ПолучательИНН=6453005030
ПолучательКПП=645401001
Получатель1=ЗАО "Фирма АТТО"
Получатель2=40702810700640011602
Получатель3=ФИЛИАЛ "САРАТОВСКИЙ" ОАО БАНК "ОТКРЫТИЕ"
Получатель4= 
ПолучательРасчСчет=40702810700640011602
ПолучательБанк1=ФИЛИАЛ "САРАТОВСКИЙ" ОАО БАНК "ОТКРЫТИЕ"
ПолучательБанк2= 
ПолучательБИК=046311854
ПолучательКорсчет=30101810900000000854
НазначениеПлатежа=Оплата за карту памяти и гарнитуру по сч Счт-98823 от 01.12.10 г., включая НДС 18% - 113-50
ВидПлатежа=РКЦ
ВидОплаты=01
Очередность=6
КонецДокумента
СекцияДокумент=Платежное поручение
Дата=07.12.2010
Номер=7
Сумма=100.00
ПлательщикСчет=40802810740000000001
ДатаСписано=08.12.2010
Плательщик=ИНН 644914186741/0 ИП Иванов И. И..
Плательщик1=ИП Иванов И. И..
Плательщик2=40802810740000040746
Плательщик3=Ф. ЗАО АКБ"ЭКСПРЕСС-ВОЛГА" В Г.ЭНГЕЛЬС
Плательщик4=Г. ЭНГЕЛЬС
ПлательщикРасчСчет=40802810740000040746
ПлательщикБанк1=Ф. ЗАО АКБ"ЭКСПРЕСС-ВОЛГА" В Г.ЭНГЕЛЬС
ПлательщикБанк2=Г. ЭНГЕЛЬС
ПлательщикБИК=046375825
ПлательщикИНН=644914186741
ПлательщикКПП=0
ПлательщикКорсчет=30101810300000000825
ПолучательСчет=40802810700220004032
Получатель=ИНН 645003114582/0 ИП Келлер Владимир Викторович
ПолучательИНН=645003114582
ПолучательКПП=0
Получатель1=ИП Келлер Владимир Викторович
Получатель2=40802810700220004032
Получатель3=ОАО "НВКБАНК"
Получатель4= 
ПолучательРасчСчет=40802810700220004032
ПолучательБанк1=ОАО "НВКБАНК"
ПолучательБанк2= 
ПолучательБИК=046311751
ПолучательКорсчет=30101810100000000751
НазначениеПлатежа=Крошка пенополистирольная по счету 314 от 07 декабря 2010 г , включая НДС 18% - 686-44
ВидПлатежа=РКЦ
ВидОплаты=01
Очередность=6
КонецДокумента
СекцияДокумент=Платежное поручение
Дата=10.12.2010
Номер=403
Сумма=100.00
ПлательщикСчет=40802810740000000001
ДатаСписано=10.12.2010
Плательщик=ИНН 644914186741/0 ИП Иванов И. И..
Плательщик1=ИП Иванов И. И..
Плательщик2=40802810740000040746
Плательщик3=Ф. ЗАО АКБ"ЭКСПРЕСС-ВОЛГА" В Г.ЭНГЕЛЬС
Плательщик4=Г. ЭНГЕЛЬС
ПлательщикРасчСчет=40802810740000040746
ПлательщикБанк1=Ф. ЗАО АКБ"ЭКСПРЕСС-ВОЛГА" В Г.ЭНГЕЛЬС
ПлательщикБанк2=Г. ЭНГЕЛЬС
ПлательщикБИК=046375825
ПлательщикИНН=644914186741
ПлательщикКПП=0
ПлательщикКорсчет=30101810300000000825
ПолучательСчет=70601810300002102002
Получатель=ИНН 6454027396/644902001 Комиссия,полученная за проведение операций по безналичным расчетам
ПолучательИНН=6454027396
ПолучательКПП=644902001
Получатель1=Комиссия,полученная за проведение операций по безналичным расчетам
Получатель2=70601810300002102002
Получатель3=Ф. ЗАО АКБ"ЭКСПРЕСС-ВОЛГА" В Г.ЭНГЕЛЬС
Получатель4=Г. ЭНГЕЛЬС
ПолучательРасчСчет=70601810300002102002
ПолучательБанк1=Ф. ЗАО АКБ"ЭКСПРЕСС-ВОЛГА" В Г.ЭНГЕЛЬС
ПолучательБанк2=Г. ЭНГЕЛЬС
ПолучательБИК=046375825
ПолучательКорсчет=30101810300000000825
НазначениеПлатежа=Комиссия за внеш.платеж 10.12.2010г.(1 п/п на сумму 3500.00)
ВидПлатежа=РКЦ
ВидОплаты=17
СрокПлатежа=10.12.2010
Очередность=0
КонецДокумента
СекцияДокумент=Платежное поручение
Дата=10.12.2010
Номер=9
Сумма=100.00
ПлательщикСчет=40802810740000000001
ДатаСписано=10.12.2010
Плательщик=ИНН 644914186741/0 ИП Иванов И. И..
Плательщик1=ИП Иванов И. И..
Плательщик2=40802810740000040746
Плательщик3=Ф. ЗАО АКБ"ЭКСПРЕСС-ВОЛГА" В Г.ЭНГЕЛЬС
Плательщик4=Г. ЭНГЕЛЬС
ПлательщикРасчСчет=40802810740000040746
ПлательщикБанк1=Ф. ЗАО АКБ"ЭКСПРЕСС-ВОЛГА" В Г.ЭНГЕЛЬС
ПлательщикБанк2=Г. ЭНГЕЛЬС
ПлательщикБИК=046375825
ПлательщикИНН=644914186741
ПлательщикКПП=0
ПлательщикКорсчет=30101810300000000825
ПолучательСчет=40802810460000174268
Получатель=ИНН 182808862139/0 ИП Субботин А.С.
ПолучательИНН=182808862139
ПолучательКПП=0
Получатель1=ИП Субботин А.С.
Получатель2=40802810460000174268
Получатель3=ОАО "БЫСТРОБАНК"
Получатель4= 
ПолучательРасчСчет=40802810460000174268
ПолучательБанк1=ОАО "БЫСТРОБАНК"
ПолучательБанк2= 
ПолучательБИК=049401814
ПолучательКорсчет=30101810200000000814
НазначениеПлатежа=Оплата по счету 114 от 08.12.10 г. за этикетки и образцы. Без НДС
ВидПлатежа=РКЦ
ВидОплаты=01
Очередность=6
КонецДокумента
СекцияДокумент=Платежное поручение
Дата=15.12.2010
Номер=10
Сумма=100.00
ПлательщикСчет=40802810740000000001
ДатаСписано=16.12.2010
Плательщик=ИНН 644914186741/0 ИП Иванов Иван Иванович
Плательщик1=ИП Иванов Иван Иванович
Плательщик2=40802810740000040746
Плательщик3=Ф. ЗАО АКБ "ЭКСПРЕСС-ВОЛГА" В Г.ЭНГЕЛЬС
Плательщик4=Г. ЭНГЕЛЬС
ПлательщикРасчСчет=40802810740000040746
ПлательщикБанк1=Ф. ЗАО АКБ "ЭКСПРЕСС-ВОЛГА" В Г.ЭНГЕЛЬС
ПлательщикБанк2=Г. ЭНГЕЛЬС
ПлательщикБИК=046375825
ПлательщикИНН=644914186741
ПлательщикКПП=0
ПлательщикКорсчет=30101810300000000825
ПолучательСчет=40402810100000000002
Получатель=ИНН 6454009319/644902002 Филиал N 6 Государственного учреждения - Саратовского регионального отделения Фонда социального страхования РФ
ПолучательИНН=6454009319
ПолучательКПП=644902002
Получатель1=Филиал N 6 Государственного учреждения - Саратовского регионального отделения Фонда социального страхования РФ
Получатель2=40402810100000000002
Получатель3=РКЦ ЭНГЕЛЬС
Получатель4= 
ПолучательРасчСчет=40402810100000000002
ПолучательБанк1=РКЦ ЭНГЕЛЬС
ПолучательБанк2= 
ПолучательБИК=046375000
НазначениеПлатежа=Травматизм за работников за ноябрь 2010г. Без НДС.
ВидПлатежа=РКЦ
ВидОплаты=01
Очередность=4
СтатусСоставителя=09
ПоказательКБК=39310202050071000160
ОКАТО=63450000000
ПоказательОснования=ТП
ПоказательПериода=МС.11.2010
ПоказательНомера=0
ПоказательДаты=0
ПоказательТипа=НС
КонецДокумента
СекцияДокумент=Платежное поручение
Дата=15.12.2010
Номер=12
Сумма=100.00
ПлательщикСчет=40802810740000000001
ДатаСписано=16.12.2010
Плательщик=ИНН 644914186741/0 ИП Иванов Иван Иванович
Плательщик1=ИП Иванов Иван Иванович
Плательщик2=40802810740000040746
Плательщик3=Ф. ЗАО АКБ "ЭКСПРЕСС-ВОЛГА" В Г.ЭНГЕЛЬС
Плательщик4=Г. ЭНГЕЛЬС
ПлательщикРасчСчет=40802810740000040746
ПлательщикБанк1=Ф. ЗАО АКБ "ЭКСПРЕСС-ВОЛГА" В Г.ЭНГЕЛЬС
ПлательщикБанк2=Г. ЭНГЕЛЬС
ПлательщикБИК=046375825
ПлательщикИНН=644914186741
ПлательщикКПП=0
ПлательщикКорсчет=30101810300000000825
ПолучательСчет=40101810300000010010
Получатель=ИНН 6449973616/644901001 УФК по  Саратовской области (Межрайонная ИФНС России N7 по Саратовской области)
ПолучательИНН=6449973616
ПолучательКПП=644901001
Получатель1=УФК по  Саратовской области (Межрайонная ИФНС России N7 по Саратовской области)
Получатель2=40101810300000010010
Получатель3=ГРКЦ ГУ БАНКА РОССИИ ПО САРАТОВСКОЙ ОБЛ.
Получатель4= 
ПолучательРасчСчет=40101810300000010010
ПолучательБанк1=ГРКЦ ГУ БАНКА РОССИИ ПО САРАТОВСКОЙ ОБЛ.
ПолучательБанк2= 
ПолучательБИК=046311001
НазначениеПлатежа=Подоходный налог 13% за работников за ноябрь 2010г. Без НДС.
ВидПлатежа=РКЦ
ВидОплаты=01
Очередность=4
СтатусСоставителя=09
ПоказательКБК=18210102021011000110
ОКАТО=63450000000
ПоказательОснования=ТП
ПоказательПериода=МС.11.2010
ПоказательНомера=0
ПоказательДаты=0
ПоказательТипа=НС
КонецДокумента
СекцияДокумент=Платежное поручение
Дата=15.12.2010
Номер=11
Сумма=100.00
ПлательщикСчет=40802810740000000001
ДатаСписано=16.12.2010
Плательщик=ИНН 644914186741/0 ИП Иванов Иван Иванович
Плательщик1=ИП Иванов Иван Иванович
Плательщик2=40802810740000040746
Плательщик3=Ф. ЗАО АКБ "ЭКСПРЕСС-ВОЛГА" В Г.ЭНГЕЛЬС
Плательщик4=Г. ЭНГЕЛЬС
ПлательщикРасчСчет=40802810740000040746
ПлательщикБанк1=Ф. ЗАО АКБ "ЭКСПРЕСС-ВОЛГА" В Г.ЭНГЕЛЬС
ПлательщикБанк2=Г. ЭНГЕЛЬС
ПлательщикБИК=046375825
ПлательщикИНН=644914186741
ПлательщикКПП=0
ПлательщикКорсчет=30101810300000000825
ПолучательСчет=40101810300000010010
Получатель=ИНН 6452024495/645401001 УФК по Саратовской области (ГУ- Отделение Пенсионного фонда РФ по Саратовской области)
ПолучательИНН=6452024495
ПолучательКПП=645401001
Получатель1=УФК по Саратовской области (ГУ- Отделение Пенсионного фонда РФ по Саратовской области)
Получатель2=40101810300000010010
Получатель3=ГРКЦ ГУ БАНКА РОССИИ ПО САРАТОВСКОЙ ОБЛ.
Получатель4= 
ПолучательРасчСчет=40101810300000010010
ПолучательБанк1=ГРКЦ ГУ БАНКА РОССИИ ПО САРАТОВСКОЙ ОБЛ.
ПолучательБанк2= 
ПолучательБИК=046311001
НазначениеПлатежа=073038050855 Cтраховая часть ПФ РФ за работников за ноябрь 2010г. Без НДС.Рег.номер: 073-038-027 143
ВидПлатежа=РКЦ
ВидОплаты=01
Очередность=4
СтатусСоставителя=09
ПоказательКБК=39210202010061000160
ОКАТО=63450000000
ПоказательОснования=ТП
ПоказательПериода=МС.11.2010
ПоказательНомера=0
ПоказательДаты=0
ПоказательТипа=ВЗ
КонецДокумента
СекцияДокумент=Платежное поручение
Дата=27.12.2010
Номер=1112
Сумма=100.00
ПлательщикСчет=40802810740000000001
ДатаСписано=27.12.2010
Плательщик=ИНН 644914186741/0 ИП Иванов И. И..
Плательщик1=ИП Иванов И. И..
Плательщик2=40802810740000040746
Плательщик3=Ф. ЗАО АКБ"ЭКСПРЕСС-ВОЛГА" В Г.ЭНГЕЛЬС
Плательщик4=Г. ЭНГЕЛЬС
ПлательщикРасчСчет=40802810740000040746
ПлательщикБанк1=Ф. ЗАО АКБ"ЭКСПРЕСС-ВОЛГА" В Г.ЭНГЕЛЬС
ПлательщикБанк2=Г. ЭНГЕЛЬС
ПлательщикБИК=046375825
ПлательщикИНН=644914186741
ПлательщикКПП=0
ПлательщикКорсчет=30101810300000000825
ПолучательСчет=70601810700002101001
Получатель=ИНН 6454027396/644902001 Комиссия за открытие и ведение счета
ПолучательИНН=6454027396
ПолучательКПП=644902001
Получатель1=Комиссия за открытие и ведение счета
Получатель2=70601810700002101001
Получатель3=Ф. ЗАО АКБ"ЭКСПРЕСС-ВОЛГА" В Г.ЭНГЕЛЬС
Получатель4=Г. ЭНГЕЛЬС
ПолучательРасчСчет=70601810700002101001
ПолучательБанк1=Ф. ЗАО АКБ"ЭКСПРЕСС-ВОЛГА" В Г.ЭНГЕЛЬС
ПолучательБанк2=Г. ЭНГЕЛЬС
ПолучательБИК=046375825
ПолучательКорсчет=30101810300000000825
НазначениеПлатежа=Комиссия за ведение счетов за Декабрь 2010г. НДС не облагается.
ВидПлатежа=РКЦ
ВидОплаты=17
СрокПлатежа=27.12.2010
Очередность=6
КонецДокумента
СекцияДокумент=Платежное поручение
Дата=27.12.2010
Номер=13
Сумма=100.00
ПлательщикСчет=40802810740000000001
ДатаСписано=27.12.2010
Плательщик=ИНН 644914186741/0 ИП Иванов И. И..
Плательщик1=ИП Иванов И. И..
Плательщик2=40802810740000040746
Плательщик3=Ф. ЗАО АКБ"ЭКСПРЕСС-ВОЛГА" В Г.ЭНГЕЛЬС
Плательщик4=Г. ЭНГЕЛЬС
ПлательщикРасчСчет=40802810740000040746
ПлательщикБанк1=Ф. ЗАО АКБ"ЭКСПРЕСС-ВОЛГА" В Г.ЭНГЕЛЬС
ПлательщикБанк2=Г. ЭНГЕЛЬС
ПлательщикБИК=046375825
ПлательщикИНН=644914186741
ПлательщикКПП=0
ПлательщикКорсчет=30101810300000000825
ПолучательСчет=40702810500000011047
Получатель=ИНН 6439065823/643901001 ООО "Кор-Сар"
ПолучательИНН=6439065823
ПолучательКПП=643901001
Получатель1=ООО "Кор-Сар"
Получатель2=40702810500000011047
Получатель3=ЗАО АКБ "ЭКСПРЕСС-ВОЛГА"
Получатель4= 
ПолучательРасчСчет=40702810500000011047
ПолучательБанк1=ЗАО АКБ "ЭКСПРЕСС-ВОЛГА"
ПолучательБанк2= 
ПолучательБИК=046311808
ПолучательКорсчет=30101810600000000808
НазначениеПлатежа=За транспортно-экспедиционные услуги по счету N780 от 15 декабря 2010 г. , включая НДС 18% - 106-78
ВидПлатежа=РКЦ
ВидОплаты=01
Очередность=6
КонецДокумента
СекцияДокумент=Платежное поручение
Дата=12.01.2011
Номер=16
Сумма=100.00
ПлательщикСчет=40802810740000000001
ДатаСписано=13.01.2011
Плательщик=ИНН 644914186741/0 ИП Иванов Иван Иванович
Плательщик1=ИП Иванов Иван Иванович
Плательщик2=40802810740000040746
Плательщик3=Ф. ЗАО АКБ "ЭКСПРЕСС-ВОЛГА" В Г.ЭНГЕЛЬС
Плательщик4=Г. ЭНГЕЛЬС
ПлательщикРасчСчет=40802810740000040746
ПлательщикБанк1=Ф. ЗАО АКБ "ЭКСПРЕСС-ВОЛГА" В Г.ЭНГЕЛЬС
ПлательщикБанк2=Г. ЭНГЕЛЬС
ПлательщикБИК=046375825
ПлательщикИНН=644914186741
ПлательщикКПП=0
ПлательщикКорсчет=30101810300000000825
ПолучательСчет=40101810300000010010
Получатель=ИНН 6452024495/645401001 УФК по Саратовской области (ГУ- Отделение Пенсионного фонда РФ по Саратовской области)
ПолучательИНН=6452024495
ПолучательКПП=645401001
Получатель1=УФК по Саратовской области (ГУ- Отделение Пенсионного фонда РФ по Саратовской области)
Получатель2=40101810300000010010
Получатель3=ГРКЦ ГУ БАНКА РОССИИ ПО САРАТОВСКОЙ ОБЛ.
Получатель4= 
ПолучательРасчСчет=40101810300000010010
ПолучательБанк1=ГРКЦ ГУ БАНКА РОССИИ ПО САРАТОВСКОЙ ОБЛ.
ПолучательБанк2= 
ПолучательБИК=046311001
НазначениеПлатежа=(073-038-05-0855 - рег. номер в ПФР). Страховые взносы на ОМС - ФФОМС за 2010 год. (634-501-00-0011384 - рег. номер в ТФОМС).
ВидПлатежа=РКЦ
ВидОплаты=01
Очередность=4
СтатусСоставителя=09
ПоказательКБК=39210202100081000160
ОКАТО=63450000000
ПоказательОснования=ЗД
ПоказательПериода=ГД.00.2010
ПоказательНомера=0
ПоказательДаты=0
ПоказательТипа=НС
КонецДокумента
СекцияДокумент=Платежное поручение
Дата=12.01.2011
Номер=15
Сумма=100.00
ПлательщикСчет=40802810740000000001
ДатаСписано=13.01.2011
Плательщик=ИНН 644914186741/0 ИП Иванов Иван Иванович
Плательщик1=ИП Иванов Иван Иванович
Плательщик2=40802810740000040746
Плательщик3=Ф. ЗАО АКБ "ЭКСПРЕСС-ВОЛГА" В Г.ЭНГЕЛЬС
Плательщик4=Г. ЭНГЕЛЬС
ПлательщикРасчСчет=40802810740000040746
ПлательщикБанк1=Ф. ЗАО АКБ "ЭКСПРЕСС-ВОЛГА" В Г.ЭНГЕЛЬС
ПлательщикБанк2=Г. ЭНГЕЛЬС
ПлательщикБИК=046375825
ПлательщикИНН=644914186741
ПлательщикКПП=0
ПлательщикКорсчет=30101810300000000825
ПолучательСчет=40101810300000010010
Получатель=ИНН 6452024495/645401001 УФК по Саратовской области (ГУ- Отделение Пенсионного фонда РФ по Саратовской области)
ПолучательИНН=6452024495
ПолучательКПП=645401001
Получатель1=УФК по Саратовской области (ГУ- Отделение Пенсионного фонда РФ по Саратовской области)
Получатель2=40101810300000010010
Получатель3=ГРКЦ ГУ БАНКА РОССИИ ПО САРАТОВСКОЙ ОБЛ.
Получатель4= 
ПолучательРасчСчет=40101810300000010010
ПолучательБанк1=ГРКЦ ГУ БАНКА РОССИИ ПО САРАТОВСКОЙ ОБЛ.
ПолучательБанк2= 
ПолучательБИК=046311001
НазначениеПлатежа=(073-038-05-0855 - рег. номер в ПФР). Страховые взносы на ОМС - ТФОМС за 2010 год. (634-501-00-0011384 - рег. номер в ТФОМС).
ВидПлатежа=РКЦ
ВидОплаты=01
Очередность=4
СтатусСоставителя=09
ПоказательКБК=39210202110091000160
ОКАТО=63450000000
ПоказательОснования=ЗД
ПоказательПериода=ГД.00.2010
ПоказательНомера=0
ПоказательДаты=0
ПоказательТипа=НС
КонецДокумента
СекцияДокумент=Платежное поручение
Дата=12.01.2011
Номер=14
Сумма=100.00
ПлательщикСчет=40802810740000000001
ДатаСписано=13.01.2011
Плательщик=ИНН 644914186741/0 ИП Иванов Иван Иванович
Плательщик1=ИП Иванов Иван Иванович
Плательщик2=40802810740000040746
Плательщик3=Ф. ЗАО АКБ "ЭКСПРЕСС-ВОЛГА" В Г.ЭНГЕЛЬС
Плательщик4=Г. ЭНГЕЛЬС
ПлательщикРасчСчет=40802810740000040746
ПлательщикБанк1=Ф. ЗАО АКБ "ЭКСПРЕСС-ВОЛГА" В Г.ЭНГЕЛЬС
ПлательщикБанк2=Г. ЭНГЕЛЬС
ПлательщикБИК=046375825
ПлательщикИНН=644914186741
ПлательщикКПП=0
ПлательщикКорсчет=30101810300000000825
ПолучательСчет=40101810300000010010
Получатель=ИНН 6452024495/645401001 УФК по Саратовской области (ГУ- Отделение Пенсионного фонда РФ по Саратовской области)
ПолучательИНН=6452024495
ПолучательКПП=645401001
Получатель1=УФК по Саратовской области (ГУ- Отделение Пенсионного фонда РФ по Саратовской области)
Получатель2=40101810300000010010
Получатель3=ГРКЦ ГУ БАНКА РОССИИ ПО САРАТОВСКОЙ ОБЛ.
Получатель4= 
ПолучательРасчСчет=40101810300000010010
ПолучательБанк1=ГРКЦ ГУ БАНКА РОССИИ ПО САРАТОВСКОЙ ОБЛ.
ПолучательБанк2= 
ПолучательБИК=046311001
НазначениеПлатежа=(073-038-05-0855 - рег. номер в ПФР). Страховые взносы в виде фиксированного платежа на накопительную часть трудовой пенсии. Без НДС.
ВидПлатежа=РКЦ
ВидОплаты=01
Очередность=4
СтатусСоставителя=09
ПоказательКБК=39210202110061000160
ОКАТО=63450000000
ПоказательОснования=ЗД
ПоказательПериода=ГД.00.2010
ПоказательНомера=0
ПоказательДаты=0
ПоказательТипа=НС
КонецДокумента
СекцияДокумент=Платежное поручение
Дата=12.01.2011
Номер=17
Сумма=100.00
ПлательщикСчет=40802810740000000001
ДатаСписано=13.01.2011
Плательщик=ИНН 644914186741/0 ИП Иванов Иван Иванович
Плательщик1=ИП Иванов Иван Иванович
Плательщик2=40802810740000040746
Плательщик3=Ф. ЗАО АКБ "ЭКСПРЕСС-ВОЛГА" В Г.ЭНГЕЛЬС
Плательщик4=Г. ЭНГЕЛЬС
ПлательщикРасчСчет=40802810740000040746
ПлательщикБанк1=Ф. ЗАО АКБ "ЭКСПРЕСС-ВОЛГА" В Г.ЭНГЕЛЬС
ПлательщикБанк2=Г. ЭНГЕЛЬС
ПлательщикБИК=046375825
ПлательщикИНН=644914186741
ПлательщикКПП=0
ПлательщикКорсчет=30101810300000000825
ПолучательСчет=40101810300000010010
Получатель=ИНН 6452024495/645401001 УФК по Саратовской области (ГУ- Отделение Пенсионного фонда РФ по Саратовской области)
ПолучательИНН=6452024495
ПолучательКПП=645401001
Получатель1=УФК по Саратовской области (ГУ- Отделение Пенсионного фонда РФ по Саратовской области)
Получатель2=40101810300000010010
Получатель3=ГРКЦ ГУ БАНКА РОССИИ ПО САРАТОВСКОЙ ОБЛ.
Получатель4= 
ПолучательРасчСчет=40101810300000010010
ПолучательБанк1=ГРКЦ ГУ БАНКА РОССИИ ПО САРАТОВСКОЙ ОБЛ.
ПолучательБанк2= 
ПолучательБИК=046311001
НазначениеПлатежа=(073-038-05-0855 - рег. номер в ПФР). Страховые взносы в виде фиксированного платежа на страховую часть трудовой пенсии. Без НДС.
ВидПлатежа=РКЦ
ВидОплаты=01
Очередность=4
СтатусСоставителя=09
ПоказательКБК=39210202100061000160
ОКАТО=63450000000
ПоказательОснования=ЗД
ПоказательПериода=ГД.00.2010
ПоказательНомера=0
ПоказательДаты=0
ПоказательТипа=НС
КонецДокумента
СекцияДокумент=Платежное поручение
Дата=12.01.2011
Номер=18
Сумма=100.00
ПлательщикСчет=40802810740000000001
ДатаСписано=13.01.2011
Плательщик=ИНН 644914186741/0 ИП Иванов Иван Иванович
Плательщик1=ИП Иванов Иван Иванович
Плательщик2=40802810740000040746
Плательщик3=Ф. ЗАО АКБ "ЭКСПРЕСС-ВОЛГА" В Г.ЭНГЕЛЬС
Плательщик4=Г. ЭНГЕЛЬС
ПлательщикРасчСчет=40802810740000040746
ПлательщикБанк1=Ф. ЗАО АКБ "ЭКСПРЕСС-ВОЛГА" В Г.ЭНГЕЛЬС
ПлательщикБанк2=Г. ЭНГЕЛЬС
ПлательщикБИК=046375825
ПлательщикИНН=644914186741
ПлательщикКПП=0
ПлательщикКорсчет=30101810300000000825
ПолучательСчет=40101810300000010010
Получатель=ИНН 6449973616/644901001 УФК по  Саратовской области (Межрайонная ИФНС России N7 по Саратовской области)
ПолучательИНН=6449973616
ПолучательКПП=644901001
Получатель1=УФК по  Саратовской области (Межрайонная ИФНС России N7 по Саратовской области)
Получатель2=40101810300000010010
Получатель3=ГРКЦ ГУ БАНКА РОССИИ ПО САРАТОВСКОЙ ОБЛ.
Получатель4= 
ПолучательРасчСчет=40101810300000010010
ПолучательБанк1=ГРКЦ ГУ БАНКА РОССИИ ПО САРАТОВСКОЙ ОБЛ.
ПолучательБанк2= 
ПолучательБИК=046311001
НазначениеПлатежа=Подоходный налог 13% за работников за декабрь 2010г. Без НДС.
ВидПлатежа=РКЦ
ВидОплаты=01
Очередность=4
СтатусСоставителя=09
ПоказательКБК=18210102021011000110
ОКАТО=63450000000
ПоказательОснования=ТП
ПоказательПериода=МС.12.2010
ПоказательНомера=0
ПоказательДаты=0
ПоказательТипа=НС
КонецДокумента
СекцияДокумент=Платежное поручение
Дата=12.01.2011
Номер=20
Сумма=100.00
ПлательщикСчет=40802810740000000001
ДатаСписано=13.01.2011
Плательщик=ИНН 644914186741/0 ИП Иванов Иван Иванович
Плательщик1=ИП Иванов Иван Иванович
Плательщик2=40802810740000040746
Плательщик3=Ф. ЗАО АКБ "ЭКСПРЕСС-ВОЛГА" В Г.ЭНГЕЛЬС
Плательщик4=Г. ЭНГЕЛЬС
ПлательщикРасчСчет=40802810740000040746
ПлательщикБанк1=Ф. ЗАО АКБ "ЭКСПРЕСС-ВОЛГА" В Г.ЭНГЕЛЬС
ПлательщикБанк2=Г. ЭНГЕЛЬС
ПлательщикБИК=046375825
ПлательщикИНН=644914186741
ПлательщикКПП=0
ПлательщикКорсчет=30101810300000000825
ПолучательСчет=40101810300000010010
Получатель=ИНН 6452024495/645401001 УФК по Саратовской области (ГУ- Отделение Пенсионного фонда РФ по Саратовской области)
ПолучательИНН=6452024495
ПолучательКПП=645401001
Получатель1=УФК по Саратовской области (ГУ- Отделение Пенсионного фонда РФ по Саратовской области)
Получатель2=40101810300000010010
Получатель3=ГРКЦ ГУ БАНКА РОССИИ ПО САРАТОВСКОЙ ОБЛ.
Получатель4= 
ПолучательРасчСчет=40101810300000010010
ПолучательБанк1=ГРКЦ ГУ БАНКА РОССИИ ПО САРАТОВСКОЙ ОБЛ.
ПолучательБанк2= 
ПолучательБИК=046311001
НазначениеПлатежа=073038050855 Cтраховая часть ПФ РФ за работников за декабрь 2010г. Без НДС.Рег.номер: 073-038-027 143
ВидПлатежа=РКЦ
ВидОплаты=01
Очередность=4
СтатусСоставителя=09
ПоказательКБК=39210202010061000160
ОКАТО=63450000000
ПоказательОснования=ТП
ПоказательПериода=МС.12.2010
ПоказательНомера=0
ПоказательДаты=0
ПоказательТипа=ВЗ
КонецДокумента
КонецФайла
